<record><leader>00000cas a2200000 a 4500</leader><controlfield tag="001">26574305</controlfield><controlfield tag="008">920910d19uu1969cauwr ne      0    0eng c</controlfield><datafield ind1=" " ind2=" " tag="010"><subfield code="a">sn 92069430 </subfield></datafield><datafield ind1=" " ind2=" " tag="040"><subfield code="a">CUY</subfield><subfield code="b">eng</subfield><subfield code="c">CNK</subfield><subfield code="d">OCLCQ</subfield><subfield code="d">CNK</subfield><subfield code="d">OCLCQ</subfield><subfield code="d">OCLCF</subfield><subfield code="d">OCLCO</subfield></datafield><datafield ind1="1" ind2=" " tag="029"><subfield code="a">AU@</subfield><subfield code="b">000020735953</subfield></datafield><datafield ind1=" " ind2=" " tag="042"><subfield code="a">pcc</subfield></datafield><datafield ind1=" " ind2=" " tag="043"><subfield code="a">n-us-ca</subfield></datafield><datafield ind1="0" ind2="4" tag="245"><subfield code="a">The Arbuckle American.</subfield></datafield><datafield ind1=" " ind2=" " tag="260"><subfield code="a">Arbuckle, Calif. :</subfield><subfield code="b">J.P. Hall</subfield></datafield><datafield ind1=" " ind2=" " tag="300"><subfield code="a">v.</subfield></datafield><datafield ind1=" " ind2=" " tag="310"><subfield code="a">Weekly</subfield></datafield><datafield ind1="1" ind2=" " tag="362"><subfield code="a">Began in 1909?</subfield></datafield><datafield ind1="0" ind2=" " tag="362"><subfield code="a">-v. 64, no. 26 (June 26, 1969).</subfield></datafield><datafield ind1=" " ind2=" " tag="530"><subfield code="a">Master negatives are available for duplication from:</subfield><subfield code="b">California Newspaper Microfilm Archive;</subfield><subfield code="c">for further information consult the CNMA at:</subfield><subfield code="u">http://cbsr.ucr.edu.</subfield></datafield><datafield ind1=" " ind2=" " tag="580"><subfield code="a">Merged with: Maxwell tribune (Maxwell, Calif. : 1919), and: Williams farmer, to form: Colusa County farmer.</subfield></datafield><datafield ind1=" " ind2=" " tag="588"><subfield code="a">Description based on: Vol. 1, no. 3 (Jan. 15, 1910).</subfield></datafield><datafield ind1=" " ind2="0" tag="651"><subfield code="a">Arbuckle (Calif.)</subfield><subfield code="v">Newspapers.</subfield></datafield><datafield ind1=" " ind2="7" tag="655"><subfield code="a">Newspapers.</subfield><subfield code="2">fast</subfield><subfield code="0">(OCoLC)fst01423814</subfield></datafield><datafield ind1=" " ind2="7" tag="651"><subfield code="a">California</subfield><subfield code="z">Arbuckle.</subfield><subfield code="2">fast</subfield><subfield code="0">(OCoLC)fst01203728</subfield></datafield><datafield ind1=" " ind2=" " tag="752"><subfield code="a">United States</subfield><subfield code="b">California</subfield><subfield code="c">Colusa</subfield><subfield code="d">Arbuckle.</subfield></datafield><datafield ind1="0" ind2="0" tag="780"><subfield code="t">Arbuckle planter</subfield><subfield code="w">(DLC)sn 92069432</subfield></datafield><datafield ind1="1" ind2="7" tag="785"><subfield code="t">Maxwell tribune (Maxwell, Calif. : 1919)</subfield><subfield code="w">(DLC)sn 97060829</subfield></datafield><datafield ind1="1" ind2="7" tag="785"><subfield code="t">Williams farmer</subfield><subfield code="w">(DLC)sn 86064462</subfield></datafield><datafield ind1="1" ind2="7" tag="785"><subfield code="t">Colusa County farmer</subfield><subfield code="w">(DLC)sn 83004708</subfield></datafield></record>